@Article{Article.A.Weis.WaveParticleDualityOfLightForTheClassroom.2009,
  author       = {A. Weis, T. L. Dimitrova},
  date         = {2009-05},
  journaltitle = {Swiss Physical Society},
  title        = {Wave-particle duality of light for the classroom},
  url          = {https://www.sps.ch/artikel/progresses/wave-particle-duality-of-light-for-the-classroom-13},
  journal      = {Swiss Physical Society},
}

@Manual{Manual.SPDMASinglePhotonDetectionModule.2021,
  date      = {2021-12-07},
  title     = {SPDMA - Single Photon Detection Module},
  publisher = {Thorlabs, Inc.},
  subtitle  = {350 - 1100 nm, {{\O}}500 $\mu$m Active Area},
  url       = {https://www.thorlabs.com/drawings/94be4b439d7f0008-ADB919C5-F736-4461-35614DD5686A5444/SPDMA-Manual.pdf},
}

@Comment{jabref-meta: databaseType:biblatex;}

@Comment{jabref-meta: saveActions:enabled;
all-text-fields[identity,html_to_latex,unicode_to_latex,ordinals_to_superscript]
date[normalize_date]
month[normalize_month]
pages[normalize_page_numbers]
;}
